@article{CeresaEffectful,
  author    = {{Mart{\'{\i}}n Ceresa} and
               {Mauro Jaskelioff}},
  title     = {Effectful Improvement Theory},
  journal   = {Sci. Comput. Program.},
  volume    = {217},
  pages     = {102792},
  year      = {2022},
  url       = {https://doi.org/10.1016/j.scico.2022.102792},
  doi       = {10.1016/j.scico.2022.102792},
  timestamp = {Fri, 01 Apr 2022 11:23:07 +0200},
  biburl    = {https://dblp.org/rec/journals/scp/CeresaJ22.bib},
  bibsource = {dblp computer science bibliography, https://dblp.org}
}
@article{QF:Jorn,
  author    = {Gustavo Grieco and
               Mart{\'{\i}}n Ceresa and
               Agust{\'{\i}}n Mista and
               Pablo Buiras},
  title     = {QuickFuzz testing for fun and profit},
  journal   = {Journal of Systems and Software},
  volume    = {134},
  pages     = {340--354},
  year      = {2017},
  url       = {https://doi.org/10.1016/j.jss.2017.09.018},
  doi       = {10.1016/j.jss.2017.09.018},
  timestamp = {Fri, 03 Nov 2017 18:35:56 +0100},
  biburl    = {https://dblp.org/rec/bib/journals/jss/GriecoCMB17},
  bibsource = {dblp computer science bibliography, https://dblp.org}
}
@article{Grieco:2016:QAR:3241625.2976017,
  author = {Grieco, Gustavo and Ceresa, Mart\'{\i}n and Buiras, Pablo},
  title = {QuickFuzz: An Automatic Random Fuzzer for Common File Formats},
  journal = {SIGPLAN Not.},
  issue_date = {December 2016},
  volume = {51},
  number = {12},
  month = sep,
  year = {2016},
  issn = {0362-1340},
  pages = {13--20},
  numpages = {8},
  url = {http://doi.acm.org/10.1145/3241625.2976017},
  doi = {10.1145/3241625.2976017},
  acmid = {2976017},
  publisher = {ACM},
  address = {New York, NY, USA},
  keywords = {Fuzzing, Hackage, Haskell, QuickCheck},
}
